% Encoding: MacRoman
@book{Ganter1999,
   title =     {Formal Concept Analysis: Mathematical Foundations},
   author =    {Ganter, Bernhard; Wille, Rudolf},
   publisher = {Springer-Verlag Berlin Heidelberg},
   isbn =      {978-3-540-62771-5,978-3-642-59830-2},
   year =      {1999},
}

@misc{lattice,
  author = {KSmrq},
  title = {{Hasse diagram of powerset of 3}},
  howpublished = "\url{https://commons.wikimedia.org/wiki/File:Hasse_diagram_of_powerset_of_3.svg/}",
  year = {2004},
  note = "[Online; accessed 08-August-2016]"
}

@electronic{Smith2010,
    author = {Smith, Peter},
    citeulike-article-id = {7260382},
    citeulike-linkout-0 = {http://www.logicmatters.net/resources/pdfs/Galois.pdf},
    keywords = {333, formal\_semantics, galois\_connection, introduction},
    posted-at = {2010-06-06 21:08:14},
    priority = {0},
    title = {{The Galois connection between syntax and semantics.}},
    url = {http://www.logicmatters.net/resources/pdfs/Galois.pdf},
    year = {2010}
}
@article{Andrews2015,
    author = "Simon Andrews",
    title = "A ‘Best-of-Breed’ approach for designing a fast algorithm for computing fixpoints of Galois Connections",
    journal = "Information Sciences",
    volume = "295",
    pages = "633 - 649",
    year = "2015",
    issn = "0020-0255",
    doi = "http://dx.doi.org/10.1016/j.ins.2014.10.011",
    url = "http://www.sciencedirect.com/science/article/pii/S0020025514009918",
}
@Inbook{Ferre2016,
    author="Ferr{\'e}, S{\'e}bastien
    and Cellier, Peggy",
    editor="Haemmerl{\'e}, Ollivier
    and Stapleton, Gem
    and Faron Zucker, Catherine",
    title="Graph-FCA in Practice",
    bookTitle="Graph-Based Representation and Reasoning: 22nd International Conference on Conceptual Structures, ICCS 2016, Annecy, France, July 5-7, 2016, Proceedings",
    year="2016",
    publisher="Springer International Publishing",
    address="Cham",
    pages="107--121",
    isbn="978-3-319-40985-6",
    doi="10.1007/978-3-319-40985-6_9",
    url="http://dx.doi.org/10.1007/978-3-319-40985-6_9"
}

@Inbook{Ferre2015,
    author = "Sebastien Ferré",
    title = "A Proposal for Extending Formal Concept Analysis to Knowledge Graphs",
    bookTitle = "Formal Concept Analysis: 13th International Conference, ICFCA 2015, Nerja, Spain, June 23-26, 2015, Proceedings",
    year = "2015",
    publisher = "Springer International Publishing",
    pages="271--286",
    isbn="978-3-319-19545-2",
    doi="10.1007/978-3-319-19545-2_17"
}
@misc{Brewster,
    author = "Rick Brewster",
    title = {Graph Homomorphism Tutorial},
    year = 2006,
    howpublished = {\url{http://www.site.uottawa.ca/~lucia/CA06/TutorialBrewster.pdf}},
    note = {Online; accessed 10-August-2016}
}
